
@article{sauer_1956,
	title = {The education of a geographer},
	volume = {46},
	issn = {0004-5608},
	url = {http://dx.doi.org/10.1111/j.1467-8306.1956.tb01510.x},
	doi = {10.1111/j.1467-8306.1956.tb01510.x},
	number = {3},
	urldate = {2016-09-05},
	journal = {Annals of the Association of American Geographers},
	author = {Sauer, Carl O.},
	month = sep,
	year = {1956},
	pages = {287--299},
	file = {Sauer_1956_Ann Assoc Am Geogr.pdf:/Users/dondealban/Filing Cabinet/Journals/Ann Assoc Am Geogr/Sauer_1956_Ann Assoc Am Geogr.pdf:application/pdf;Snapshot:/Users/dondealban/Library/Application Support/Zotero/Profiles/x69dat0t.default/zotero/storage/KCMPCXU5/j.1467-8306.1956.tb01510.html:text/html}
}

@article{bauder_2006,
	title = {Learning to become a geographer: reproduction and transformation in academia},
	volume = {38},
	issn = {1467-8330},
	shorttitle = {Learning to {Become} a {Geographer}},
	url = {http://onlinelibrary.wiley.com/doi/10.1111/j.1467-8330.2006.00469.x/abstract},
	doi = {10.1111/j.1467-8330.2006.00469.x},
	language = {English},
	number = {4},
	urldate = {2016-09-05},
	journal = {Antipode},
	author = {Bauder, Harald},
	month = sep,
	year = {2006},
	pages = {671--679},
	file = {Bauder_2006_Antipode.pdf:/Users/dondealban/Filing Cabinet/Journals/Antipode/Bauder_2006_Antipode.pdf:application/pdf;Snapshot:/Users/dondealban/Library/Application Support/Zotero/Profiles/x69dat0t.default/zotero/storage/MITBGCF3/abstract.html:text/html}
}

@article{hoogendoorn_2012,
	title = {Becoming a geographer in {South} {Africa}},
	volume = {33},
	issn = {1467-9493},
	url = {http://onlinelibrary.wiley.com/doi/10.1111/sjtg.12005_5/abstract},
	doi = {10.1111/sjtg.12005_5},
	language = {English},
	number = {3},
	urldate = {2016-09-19},
	journal = {Singapore Journal of Tropical Geography},
	author = {Hoogendoorn, Gijsbert},
	month = nov,
	year = {2012},
	pages = {300--303},
	file = {Hoogendoorn_2012_Singapore J Trop Geogr.pdf:/Users/dondealban/Filing Cabinet/Journals/Singapore J Trop Geogr/Hoogendoorn_2012_Singapore J Trop Geogr.pdf:application/pdf;Snapshot:/Users/dondealban/Library/Application Support/Zotero/Profiles/x69dat0t.default/zotero/storage/HZ23K7UD/abstract.html:text/html}
}
