@incollection{cresswell_2013,
	author = {Cresswell, Tim},
	year = {2013},
	address = {Chichester, West Sussex, United Kingdom},
	edition = {1st},
	title = {Introduction},
	isbn = {978-1-4051-6939-4},
	language = {English},
	booktitle = {Geographic {Thought}: {A} {Critical} {Introduction}},
	publisher = {Wiley-Blackwell},
	pages = {1--13},
	file = {Cresswell_2013_Ch01_Introduction to Geographic Thought.pdf:/Users/dondealban/Filing Cabinet/Books/Geography/Geographic Thought/Cresswell_2013_Ch01_Introduction to Geographic Thought.pdf:application/pdf}
}

@incollection{couper_2015,
  author = {Couper, Pauline},
	year = {2015},
	address = {Thousand Oaks, California, USA},
	title = {Introduction: {Geographers} at the {Beach}},
	isbn = {978-1-4462-8296-0},
	language = {English},
	booktitle = {A {Student}'s {Introduction} to {Geographical} {Thought}: {Theories}, {Philosophies}, {Methodologies}},
	publisher = {SAGE Publications Ltd},
	file = {Couper_2015_Ch01_Introduction - Geographers at the Beach.pdf:/Users/dondealban/Filing Cabinet/Books/Geography/Geographic Thought/Couper_2015_Ch01_Introduction - Geographers at the Beach.pdf:application/pdf}
}
